<?xml version="1.0" encoding="utf-8"?>
<record xmlns="http://www.loc.gov/MARC21/slim" xmlns:xsi="http://www.w3.org/2001/XMLSchema-instance" xsi:schemaLocation="http://www.loc.gov/MARC21/slim http://www.loc.gov/standards/marcxml/schema/MARC21slim.xsd">
	<leader>     nam a22     Mi 4500</leader>
	<controlfield tag="001">2788109</controlfield>
	<controlfield tag="003">NjP</controlfield>
	<controlfield tag="006">m        d        </controlfield>
	<controlfield tag="007">cr cn |||m|||a</controlfield>
	<controlfield tag="008">190124q19431944ir      o     000 0 araod</controlfield>
	<datafield ind1=" " ind2=" " tag="040">
		<subfield code="a">ZYU</subfield>
		<subfield code="b">ara</subfield>
		<subfield code="e">rda</subfield>
		<subfield code="c">ZYU</subfield>
	</datafield>
	<datafield ind1=" " ind2="4" tag="050">
		<subfield code="a">KBP370.K49</subfield>
		<subfield code="b">A35 1943</subfield>
	</datafield>
	<datafield ind1="1" ind2=" " tag="100">
		<subfield code="a">Khurāsānī, Muḥammad Kāẓim,</subfield>
		<subfield code="d">1839 or 1840-1911.</subfield>
	</datafield>
	<datafield ind1="1" ind2="0" tag="245">
		<subfield code="a">Kifāyat al-uṣūl [maʻa ḥāshiyah li-Abū [sic] al-Ḥasan al-Mushkīnī].</subfield>
	</datafield>
	<datafield ind1=" " ind2=" " tag="260">
		<subfield code="a">[Qum] :</subfield>
		<subfield code="b">[Islāmīyah],</subfield>
		<subfield code="c">[1363 [1943 or 1944]</subfield>
	</datafield>
	<datafield ind1=" " ind2=" " tag="300">
		<subfield code="a">online resource (2 volumes)</subfield>
	</datafield>
	<datafield ind1=" " ind2=" " tag="336">
		<subfield code="a">text</subfield>
		<subfield code="2">rdacontent</subfield>
	</datafield>
	<datafield ind1=" " ind2=" " tag="337">
		<subfield code="a">computer</subfield>
		<subfield code="2">rdamedia</subfield>
	</datafield>
	<datafield ind1=" " ind2=" " tag="338">
		<subfield code="a">online resource</subfield>
		<subfield code="2">rdacarrier</subfield>
	</datafield>
	<datafield ind1=" " ind2=" " tag="500">
		<subfield code="a">Part of the Arabic Collections Online (ACO) project, contributed by Princeton University Libraries.</subfield>
	</datafield>
	<datafield ind1=" " ind2=" " tag="533">
		<subfield code="a">Electronic reproduction.</subfield>
		<subfield code="b">New York, N.Y. :</subfield>
		<subfield code="c">New York University,</subfield>
		<subfield code="d">2019.</subfield>
		<subfield code="5">NNU</subfield>
	</datafield>
	<datafield ind1=" " ind2=" " tag="546">
		<subfield code="a">In Arabic.</subfield>
	</datafield>
	<datafield ind1=" " ind2="0" tag="650">
		<subfield code="a">Islamic law.</subfield>
	</datafield>
	<datafield ind1=" " ind2="0" tag="650">
		<subfield code="a">Shīʻah.</subfield>
	</datafield>
	<datafield ind1=" " ind2="7" tag="650">
		<subfield code="a">Islamic law.</subfield>
		<subfield code="2">fast</subfield>
		<subfield code="0">(OCoLC)fst00979949</subfield>
	</datafield>
	<datafield ind1=" " ind2="7" tag="650">
		<subfield code="a">Shīʻah.</subfield>
		<subfield code="2">fast</subfield>
		<subfield code="0">(OCoLC)fst01117946</subfield>
	</datafield>
	<datafield ind1="1" ind2=" " tag="700">
		<subfield code="a">Mishkīnī, Abū al-Ḥasan.</subfield>
	</datafield>
	<datafield ind1="2" ind2=" " tag="710">
		<subfield code="a">Princeton University.</subfield>
		<subfield code="b">Library.</subfield>
	</datafield>
	<datafield ind1="0" ind2=" " tag="730">
		<subfield code="a">Arabic Collections Online.</subfield>
	</datafield>
	<datafield ind1="0" ind2="8" tag="776">
		<subfield code="i">Print version:</subfield>
		<subfield code="a">Khurāsānī, Muḥammad Kāẓim, 1839 or 1840-1911.</subfield>
		<subfield code="t">Kifāyat al-uṣūl [maʻa ḥāshiyah li-Abū [sic] al-Ḥasan al-Mushkīnī]</subfield>
		<subfield code="w">(NjP)2788109</subfield>
		<subfield code="w">(OCoLC)61742474</subfield>
	</datafield>
	<datafield ind1="4" ind2="0" tag="856">
		<subfield code="u">http://hdl.handle.net/2333.1/573n6240</subfield>
	</datafield>
	<datafield ind1=" " ind2=" " tag="959">
		<subfield code="a">NNU</subfield>
		<subfield code="b">WEB</subfield>
		<subfield code="c">GENI</subfield>
		<subfield code="t">0</subfield>
		<subfield code="m">Electronic access</subfield>
		<subfield code="s">01</subfield>
	</datafield>
	<datafield ind1=" " ind2=" " tag="999">
		<subfield code="i">NjP_2788109</subfield>
		<subfield code="o">(OCoLC)ocm61742474 </subfield>
		<subfield code="s">princeton_aco001791:vol.1</subfield>
		<subfield code="s">princeton_aco001792:vol.2</subfield>
		<subfield code="e">(ERROR-880)</subfield>
	</datafield>
</record>
